%YAML 1.1
%TAG !u! tag:unity3d.com,2011:
--- !u!1 &8167715167080258913
GameObject:
  m_ObjectHideFlags: 0
  m_CorrespondingSourceObject: {fileID: 0}
  m_PrefabInstance: {fileID: 0}
  m_PrefabAsset: {fileID: 0}
  serializedVersion: 6
  m_Component:
  - component: {fileID: 8167715167080258912}
  - component: {fileID: 8167715167080258916}
  - component: {fileID: 8167715167080258917}
  - component: {fileID: 8167715167080258914}
  - component: {fileID: 8167715167080258915}
  m_Layer: 0
  m_Name: PhysicsPusher
  m_TagString: Untagged
  m_Icon: {fileID: 0}
  m_NavMeshLayer: 0
  m_StaticEditorFlags: 0
  m_IsActive: 1
--- !u!4 &8167715167080258912
Transform:
  m_ObjectHideFlags: 0
  m_CorrespondingSourceObject: {fileID: 0}
  m_PrefabInstance: {fileID: 0}
  m_PrefabAsset: {fileID: 0}
  m_GameObject: {fileID: 8167715167080258913}
  m_LocalRotation: {x: 0, y: 0, z: 0, w: 1}
  m_LocalPosition: {x: 0, y: 0, z: 0}
  m_LocalScale: {x: 0.1, y: 0.05, z: 0.1}
  m_Children:
  - {fileID: 8167199129804858124}
  m_Father: {fileID: 0}
  m_RootOrder: 0
  m_LocalEulerAnglesHint: {x: 0, y: 0, z: 0}
--- !u!33 &8167715167080258916
MeshFilter:
  m_ObjectHideFlags: 0
  m_CorrespondingSourceObject: {fileID: 0}
  m_PrefabInstance: {fileID: 0}
  m_PrefabAsset: {fileID: 0}
  m_GameObject: {fileID: 8167715167080258913}
  m_Mesh: {fileID: 10202, guid: 0000000000000000e000000000000000, type: 0}
--- !u!23 &8167715167080258917
MeshRenderer:
  m_ObjectHideFlags: 0
  m_CorrespondingSourceObject: {fileID: 0}
  m_PrefabInstance: {fileID: 0}
  m_PrefabAsset: {fileID: 0}
  m_GameObject: {fileID: 8167715167080258913}
  m_Enabled: 1
  m_CastShadows: 1
  m_ReceiveShadows: 1
  m_DynamicOccludee: 1
  m_MotionVectors: 1
  m_LightProbeUsage: 1
  m_ReflectionProbeUsage: 1
  m_RenderingLayerMask: 1
  m_RendererPriority: 0
  m_Materials:
  - {fileID: 2100000, guid: 6733b5266df72ae4081cb4412c1654f0, type: 2}
  m_StaticBatchInfo:
    firstSubMesh: 0
    subMeshCount: 0
  m_StaticBatchRoot: {fileID: 0}
  m_ProbeAnchor: {fileID: 0}
  m_LightProbeVolumeOverride: {fileID: 0}
  m_ScaleInLightmap: 1
  m_PreserveUVs: 1
  m_IgnoreNormalsForChartDetection: 0
  m_ImportantGI: 0
  m_StitchLightmapSeams: 0
  m_SelectedEditorRenderState: 3
  m_MinimumChartSize: 4
  m_AutoUVMaxDistance: 0.5
  m_AutoUVMaxAngle: 89
  m_LightmapParameters: {fileID: 0}
  m_SortingLayerID: 0
  m_SortingLayer: 0
  m_SortingOrder: 0
--- !u!114 &8167715167080258914
MonoBehaviour:
  m_ObjectHideFlags: 0
  m_CorrespondingSourceObject: {fileID: 0}
  m_PrefabInstance: {fileID: 0}
  m_PrefabAsset: {fileID: 0}
  m_GameObject: {fileID: 8167715167080258913}
  m_Enabled: 1
  m_EditorHideFlags: 0
  m_Script: {fileID: 11500000, guid: 84930d01e26e09142adcad505b6f5bd2, type: 3}
  m_Name: 
  m_EditorClassIdentifier: 
  operateAxis: 1
  ignoreCollisionsWith:
  - {fileID: 0}
  - {fileID: 0}
  excludeColliderCheckOn:
  - {fileID: 8167841057040731430}
  equalityFidelity: 0.001
  pressedDistance: -0.03
  stayPressed: 0
  minMaxLimitThreshold: 0.01
  restingPosition: 0
  restingPositionThreshold: 0.01
  positionTarget: 0
  pressSpeed: 10
  returnSpeed: 10
--- !u!114 &8167715167080258915
MonoBehaviour:
  m_ObjectHideFlags: 0
  m_CorrespondingSourceObject: {fileID: 0}
  m_PrefabInstance: {fileID: 0}
  m_PrefabAsset: {fileID: 0}
  m_GameObject: {fileID: 8167715167080258913}
  m_Enabled: 1
  m_EditorHideFlags: 0
  m_Script: {fileID: 11500000, guid: a22b451f6097595439a10739ec0d05d6, type: 3}
  m_Name: 
  m_EditorClassIdentifier: 
  controllable: {fileID: 8167715167080258914}
  displayText: {fileID: 0}
  outputOnMax: Button Pressed
  outputOnMin: 
--- !u!65 &8167715168527206067
BoxCollider:
  m_ObjectHideFlags: 0
  m_CorrespondingSourceObject: {fileID: 0}
  m_PrefabInstance: {fileID: 0}
  m_PrefabAsset: {fileID: 0}
  m_GameObject: {fileID: 8167841057040731430}
  m_Material: {fileID: 0}
  m_IsTrigger: 1
  m_Enabled: 1
  serializedVersion: 2
  m_Size: {x: 1, y: 1, z: 1}
  m_Center: {x: 0, y: 0, z: 0}
--- !u!1001 &8167715168527206078
PrefabInstance:
  m_ObjectHideFlags: 0
  serializedVersion: 2
  m_Modification:
    m_TransformParent: {fileID: 8167715167080258912}
    m_Modifications:
    - target: {fileID: 4000014230070706, guid: 33a096ef14a38e543af97bd67de0db31, type: 3}
      propertyPath: m_LocalPosition.x
      value: 0
      objectReference: {fileID: 0}
    - target: {fileID: 4000014230070706, guid: 33a096ef14a38e543af97bd67de0db31, type: 3}
      propertyPath: m_LocalPosition.y
      value: 0
      objectReference: {fileID: 0}
    - target: {fileID: 4000014230070706, guid: 33a096ef14a38e543af97bd67de0db31, type: 3}
      propertyPath: m_LocalPosition.z
      value: 0
      objectReference: {fileID: 0}
    - target: {fileID: 4000014230070706, guid: 33a096ef14a38e543af97bd67de0db31, type: 3}
      propertyPath: m_LocalRotation.x
      value: 0
      objectReference: {fileID: 0}
    - target: {fileID: 4000014230070706, guid: 33a096ef14a38e543af97bd67de0db31, type: 3}
      propertyPath: m_LocalRotation.y
      value: 0
      objectReference: {fileID: 0}
    - target: {fileID: 4000014230070706, guid: 33a096ef14a38e543af97bd67de0db31, type: 3}
      propertyPath: m_LocalRotation.z
      value: 0
      objectReference: {fileID: 0}
    - target: {fileID: 4000014230070706, guid: 33a096ef14a38e543af97bd67de0db31, type: 3}
      propertyPath: m_LocalRotation.w
      value: 1
      objectReference: {fileID: 0}
    - target: {fileID: 4000014230070706, guid: 33a096ef14a38e543af97bd67de0db31, type: 3}
      propertyPath: m_RootOrder
      value: 0
      objectReference: {fileID: 0}
    - target: {fileID: 4000014230070706, guid: 33a096ef14a38e543af97bd67de0db31, type: 3}
      propertyPath: m_LocalScale.x
      value: 1
      objectReference: {fileID: 0}
    - target: {fileID: 4000014230070706, guid: 33a096ef14a38e543af97bd67de0db31, type: 3}
      propertyPath: m_LocalScale.z
      value: 1
      objectReference: {fileID: 0}
    - target: {fileID: 4000014230070706, guid: 33a096ef14a38e543af97bd67de0db31, type: 3}
      propertyPath: m_LocalScale.y
      value: 1
      objectReference: {fileID: 0}
    - target: {fileID: 54000011260950592, guid: 33a096ef14a38e543af97bd67de0db31,
        type: 3}
      propertyPath: m_CollisionDetection
      value: 3
      objectReference: {fileID: 0}
    m_RemovedComponents:
    - {fileID: 135000011948786534, guid: 33a096ef14a38e543af97bd67de0db31, type: 3}
  m_SourcePrefab: {fileID: 100100000, guid: 33a096ef14a38e543af97bd67de0db31, type: 3}
--- !u!1 &8167841057040731430 stripped
GameObject:
  m_CorrespondingSourceObject: {fileID: 1000011401907096, guid: 33a096ef14a38e543af97bd67de0db31,
    type: 3}
  m_PrefabInstance: {fileID: 8167715168527206078}
  m_PrefabAsset: {fileID: 0}
--- !u!4 &8167199129804858124 stripped
Transform:
  m_CorrespondingSourceObject: {fileID: 4000014230070706, guid: 33a096ef14a38e543af97bd67de0db31,
    type: 3}
  m_PrefabInstance: {fileID: 8167715168527206078}
  m_PrefabAsset: {fileID: 0}
